\begin{thebibliography}{9}

\bibitem[Lu1]{HTT} Lurie, Jacob. Higher topos theory. Annals of Mathematics Studies, 170. Princeton University Press, Princeton, NJ, 2009. xviii+925 pp.

\bibitem[Lu2]{HA} Lurie, Jacob. Higher algebra. Preprint, 2014.

\bibitem[Lu3]{cobordism} Lurie, Jacob. On the classification of topological field theories. Current developments in mathematics, 2008, 129--280, Int. Press, Somerville, MA, 2009.

\end{thebibliography}